@misc{loop,
author  = {{LOOP CE}},
howpublished = {Dispon{\'{i}}vel em \url{https://loopce.com}},
note    = {Acesso em 23 novembro 2017}
}

@misc{bluetooth,
author  = {{Bluetooth SIG INC.}},
year={2017},
howpublished = {Dispon{\'{i}}vel em \url{https://www.bluetooth.com/}},
note    = {Acesso em 23 novembro 2017}
}

